../BIBTEX/architecture2.bib