@IEEEtranBSTCTL{bstctl:etal,
  CTLuse_forced_etal = {yes},
  CTLmax_names_forced_etal = {3},
}

@IEEEtranBSTCTL{bstctl:nodash,
  CTLdash_repeated_names = {no},
}

@IEEEtranBSTCTL{bstctl:simpurl,
  CTLname_url_prefix = {Available: },
}

@IEEEtranBSTCTL{ieee:bstcontrol,
  CTLuse_article_number = "yes",
  CTLuse_paper = "yes",
  CTLuse_forced_etal = "no",
  CTLmax_names_forced_etal = "10",
  CTLnames_show_etal = "1",
  CTLuse_alt_spacing = "yes",
  CTLalt_stretch_factor = "4",
  CTLdash_repeated_names = "no",
  CTLname_format_string = "{f.~}{vv~}{ll}{, jj}",
  CTLname_latex_cmd = "",
  CTLname_url_prefix = "[URL] "
}

@string{toplas=" {ACM} Transactions on Programming Languages and Systems"}
@string{tocs=" {ACM} Transactions on Computer Systems"}
@string{pldi=" {ACM} Conference on Programming Language Design and Implementation (PLDI)"}
@string{popl=" {ACM} Symposium on Principles of Programming Languages (POPL)"}
@string{oopsla= "{ACM} Conference on Object-Oriented Programming, Systems, Languages, and Applications (OOPSLA)"}
@string{icfp= " {ACM} International Conference on Functional Programming"}
@string{usenix=" {USENIX} Annual Technical Conference"}
@string{esop=" European Symposium on Programming"}
@string{eurosys=" {ACM} European Conference on Computer Systems"}
@string{mobisys=" International Conference on Mobile Systems, Applications, and Services"}
@string{ndss=" Network and Distributed Systems Security Symposium"}
@string{ccs=" {ACM} Conference on Computer and Communications Security"}
@string{cc=" International Conference on Compiler Construction"}
@string{tldi=" {ACM} Workshop on Types in Language Design and Implementation"}
@string{mspc=" {ACM SIGPLAN} Workshop on Memory Systems Performance \& Correctness"}
@string{spaa= " {ACM} Symposium on Parallel Algorithms and Architectures"}
@string{sas= " International Static Analysis Symposium"}
@string{ppopp=" {ACM} Symposium on Principles and Practice of Parallel Programming (PPOPP)"}
@string{ase=" {IEEE/ACM} International Conference on Automated
Software Engineering (ASE)"}
@string{sosp=" {ACM} Symposium on Operating Systems Principles (SOSP)"}
@string{ismm=" International Symposium on Memory Management"}
@string{concur=" International Conference on Concurrency Theory"}
@string{fse=" International Symposium on Foundations of Software Engineering (FSE)"}
@string{icse=" International Conference on Software Engineering"}
@string{isca="International Symposium on Computer Architecture (ISCA)"}
@string{hpca="International Symposium on High-Performance Computer Architecture (HPCA)"}
@string{osdi="{USENIX} Symposium on Operating Systems Design and Implementation (OSDI)"}
@string{transact="{ACM SIGPLAN} Workshop on Transactional Computing"}
@string{hotpar="{USENIX} Workshop on Hot Topics in Parallelism"}
@string{hotos="{USENIX} Workshop on Hot Topics in Operating Systems"}
@string{nsdi="{USENIX} Symposium on Networked Systems Design and Implementation (NSDI)"}
@string{cav="International Conference on Computer Aided Verification (CAV)"}
@string{issta= "{ACM SIGSOFT} International Symposium on Software Testing and Analysis"}
@string{tacas="Conference on Tools and Algorithms for the Construction
and Analysis of Systems"}
@string{sigmod="{ACM SIGMOD} International Conference on Management of Data"}
@string{micro="{IEEE/ACM} International Symposium on Microarchitecture"}
@string{oakland="{IEEE} Symposium on Security and Privacy"}
@string{asplos="International Conference on Architectural Support for Programming Languages and Operating Systems"}
@string{iiswc="{IEEE} International Symposium on Workload Characterization"}
@string{iscas="{IEEE} International Symposium on Circuits and Systems (ISCAS)"}

@string{icm="{IEEE} International Conference on Microelectronics ({ICM})"}

@string{ijcnn="{IEEE} International Joint Conference on Neural Networks ({IJCNN})"}

@string{entcs=" Electronic Notes in Theoretical Computer Science"}
@string{springer="Springer-Verlag"}
@string{lncs=" Lecture Notes in Computer Science"}
@string{aw="Addison-Wesley"}

@article{wire, 
author={Ho, R. and Mai, K.W. and Horowitz, M.A.}, 
journal={Proceedings of the IEEE}, 
title={The future of wires}, 
year={2001}, 
volume={89}, 
number={4}, 
pages={490-504}, 
month={Apr},}

@article{wire:role, 
author={Borkar, S.}, 
journal={Lightwave Technology, Journal of}, 
title={Role of Interconnects in the Future of Computing}, 
year={2013}, 
volume={31}, 
number={24}, 
pages={3927-3933}, 
month={Dec},}

@inproceedings{nda:micro:kim,
  author={H. Asghari-Moghaddam, Y. H. Son, and J. Ahn and K. Morrow and N. S. Kim},
  booktitle={IEEE International Symposium on Microarchitecture (MICRO)},
  title="{Chameleon: Versatile and practical near-DRAM acceleration architecture for large memory systems}",
  year = {2016},
  month = {Oct},
  %pages="283--295"
}

@inproceedings{nda:hpca:kim,
  author={A. Farmahini-Farahani and J. Ahn and K. Morrow and N. S. Kim},
  booktitle={IEEE International Symposium on High Performance Computer Architecture (HPCA)},
  title="{NDA: Near-DRAM Acceleration Architecture Leveraging Commodity DRAM Devices and Standard Memory Modules}",
  year = {2015},
  month = {Feb},
  pages="283--295"
}

@article{nda:ieeemicro:kim, 
  title={Near-DRAM Acceleration with Single-ISA Heterogeneous Processing in Standard Memory Modules}, 
  author={Asgharimoghaddam, Hadi and Farmahini-Farahani, Amin and Morrow, Katherine and Ahn, Jung Ho and Nam Sung Kim},
  journal={{IEEE Micro} Special issue on Near Data Processing}, 
  year={2016}, 
  publisher={IEEE}
}

@inproceedings{alloy:hpca:kim, 
author={Hao Wang and Chang-Jae Park and Gyung-Su Byun and Jung Ho Ahn and Nam Sung Kim}, 
booktitle={High Performance Computer Architecture (HPCA), 2015 IEEE 21st International Symposium on}, 
title={Alloy: Parallel-serial memory channel architecture for single-chip heterogeneous processor systems}, 
year={2015}, 
pages={296-308}, 
month={Feb},}

@inproceedings{compute:ram,
  title={Computational RAM: A memory-SIMD hybrid and its application to DSP},
  author={Elliott, Duncan G and Snelgrove, W Martin and Stumm, Michael},
  booktitle={Custom Integrated Circuits Conference},
  volume={30},
  year={1992},
}

@inproceedings{iram-industry, 
author={Patterson, D. and Asanovic, K. and Brown, A. and Fromm, R. and Golbus, J. and Gribstad, B. and Keeton, K. and Kozyrakis, C. and Martin, D. and Perissakis, S. and Thomas, R. and Treuhaft, N. and Yelick, K.}, 
booktitle={Computer Design: VLSI in Computers and Processors, 1997. ICCD '97. Proceedings., 1997 IEEE International Conference on}, 
title={Intelligent RAM (IRAM): the industrial setting, applications, and architectures}, 
year={1997}, 
pages={2-7},
month={Oct},}

@article{donghigh,
  title={High-level Programming Model Abstractions for Processing in Memory},
  author={Dong, Michael L Chu Nuwan Jayasena and Ignatowski, Ping Zhang Mike}
}

@inproceedings{aguilera:2014:process, 
author={P. Aguilera and J. Lee and A. Farmahini-Farahani and K. Morrow and M. Schulte and N. Kim}, 
booktitle={IEEE/ACM Design, Automation \& Test in Europe (DATE)}, 
title={{Process Variation-Aware Workload Partitioning Algorithms for GPUs Supporting Spatial-Multitasking}}, 
year={2014}, 
}

@inproceedings{aguilera:2014:fair, 
author={P. Aguilera and K. Morrow and N. Kim}, 
booktitle={IEEE Int. Conf on Computer Design (ICCD)}, 
title={{Fair share: Allocation of GPU Resources for Both Performance and Fairness}}, 
year={2014}, 
}

@inproceedings{wang:2016:duang, 
author={H. Wang and J. Zhang and S. Shridhar and G. Park and J. Jung and N. Kim}, 
booktitle={IEEE/ACM Int. Symp. on High-Performance Computer Architecture (HPCA)}, 
title={{DUANG: Lightweight page migration and adaptive assymmetry in memory systems}}, 
year={2016}, 
}

@inproceedings{aguilera:2014:qos, 
author={P. Aguilera and K. Morrow and N. Kim}, 
booktitle={IEEE/ACM Asia South Pacific Design Automation Conf. (ASP-DAC)}, 
title={{QoS-Aware Dynamic Resource Allocation for Spatial-Multitasking GPUs}}, 
year={2014}, 
}

@inproceedings{gilani:2012:asap, 
author={Gilani, S.Z. and Kim, N.S. and Schulte, M.J.}, 
booktitle={Application-Specific Systems, Architectures and Processors (ASAP), 2012 IEEE 23rd International Conference on}, 
title={{Virtual Floating-Point for Low-Power Embedded Processors}}, 
year={2012}, 
month={Jul}, 
pages={61-68}, 
}

@inproceedings{gilani:2011:asap, 
author={Gilani, S.Z. and Kim, N.S. and Schulte, M.J.}, 
booktitle={Application-Specific Systems, Architectures and Processors (ASAP), 2011 IEEE 23rd International Conference on}, 
title={{Energy-Efficient Floating-Point Arithmetic for Software Defined Radio Architectures}}, 
year={2011}, 
month={Jul}, 
pages={122--129}, 
}

@inproceedings{gilani:2011:date, 
author={Gilani, S.Z. and Schulte, M.J. and  Kim, N.S.}, 
booktitle={Design, Automation Test in Europe Conference Exhibition (DATE), 2011}, 
title={{Scratchpad Memory Optimizations for Digital Signal Processing Applications}}, 
year={2011},
month={Mar}, 
pages={1--6}, 
}

@inproceedings{diva:pim,
  title={The architecture of the DIVA processing-in-memory chip},
  author={Draper, Jeff and Chame, Jacqueline and Hall, Mary and Steele, Craig and Barrett, Tim and LaCoss, Jeff and Granacki, John and Shin, Jaewook and Chen, Chun and Kang, Chang Woo and others},
  booktitle={Supercomputing},
  year={2002},
}


