

@INPROCEEDINGS{karl_isscc12, 
author={E. Karl and Y. Wang and Y. G. Ng and Z. Guo and F. Hamzaoglu and U. Bhattacharya and K. Zhang and K. Mistry and M. Bohr}, 
booktitle={2012 IEEE International Solid-State Circuits Conference}, 
title={A 4.6GHz 162Mb SRAM design in 22nm tri-gate CMOS technology with integrated active VMIN-enhancing assist circuitry}, 
year={2012}, 
pages={230-232}, 
month={Feb},}

@INPROCEEDINGS{yabuuchi_iedm14, 
author={M. Yabuuchi and M. Morimoto and Y. Tsukamoto and S. Tanaka and K. Tanaka and M. Tanaka and K. Nii}, 
booktitle={2014 IEEE International Electron Devices Meeting}, 
title={16 nm FinFET High-k/Metal-gate 256-kbit 6T SRAM macros with wordline overdriven assist}, 
year={2014}, 
pages={3.3.1-3.3.3}, 
month={Dec},}

@INPROCEEDINGS{hamzaoglu_isscc14, 
author={F. Hamzaoglu and U. Arslan and N. Bisnik and S. Ghosh and M. B. Lal and N. Lindert and M. Meterelliyoz and R. B. Osborne and J. Park and S. Tomishima and Y. Wang and K. Zhang}, 
booktitle={2014 IEEE International Solid-State Circuits Conference Digest of Technical Papers (ISSCC)}, 
title={13.1 A 1Gb 2GHz embedded DRAM in 22nm tri-gate CMOS technology}, 
year={2014}, 
pages={230-231}, 
month={Feb},}

@INPROCEEDINGS{cerqueira_vlsi17, 
author={Cerqueira, Joao and Seok, Mingoo}, 
booktitle={IEEE Symposium on VLSI Circuits (VLSI)}, 
title={{0.17mm2 3.19nJ/Transform 256-pt FFT Processor based on Spatiotemporal Active Leakage Suppression Techniques}}, 
year={2017, \textit{submitted}} 
}

@ARTICLE{yang_jssc15, 
author={Yang, T. and Kim, S. and Kinget, P.R. and Seok, M.}, 
journal={IEEE Journal of Solid-State Circuits}, 
title={{Compact and Supply-Voltage-Scalable Temperature Sensors for Dense On-Chip Thermal Monitoring}}, 
year={2015}, 
volume={50}, 
number={11}, 
pages={2773-2785}, 
doi={10.1109/JSSC.2015.2476815}, 
ISSN={0018-9200}, 
month={11},
}

@INPROCEEDINGS{kim_cicc15, 
author={Kim, Seongjong and Seok, Mingoo}, 
booktitle={IEEE Custom Integrated Circuits Conference (CICC)}, 
title={{A $30\mu m^{2}$, 0.4-to-1.0V, Temperature Sensor Based on Transistor Threshold Voltage Sensing with $<\pm1.1^{o}C$ (3-$\sigma$) Error for On-Chip Dense Thermal Monitoring}}, 
year={2015}, 
}

@INPROCEEDINGS{kim_vlsi16, 
author={Seongjong Kim and Joao Pedro Cerqueira and Mingoo Seok}, 
booktitle={IEEE Symposium on VLSI Circuits}, 
title={{A 450mV Timing-Margin-Free Waveform Sorter based on Body Swapping Error Correction}}, 
year={2016} 
%year={2016, \textit{in press}, a preliminary version is available on \url{http://www.ee.columbia.edu/~mgseok/papers/kim_vlsi_2016.pdf} 
}


